
@STRING{IEEE_M_COM = "{IEEE} Commun. Mag."}
@STRING{IEEE_J_BCAS = "{IEEE} Trans. Biomed. Circuits Syst."}
@STRING{IEEE_J_ES = "{IEEE} Embedded Syst. Lett."}
@STRING{IEEE_J_IOT = "{IEEE} Internet Things J."}
@STRING{IEEE_M_MICRO = "{IEEE} Micro"}
@STRING{IEEE_J_CASI_RP = "{IEEE} Trans. Circuits Syst. {I}"}
@STRING{IEEE_J_JSSC = "{IEEE} J. Solid-State Circuits"}
@STRING{IEEE_J_CAD = "{IEEE} Trans. Comput.-Aided Design Integr. Circuits Syst."}
@STRING{IEEE_J_MTT = "{IEEE} Trans. Microw. Theory Techn."}
@STRING{IEEE_J_SYST = "{IEEE} Syst. J."}
@STRING{IEEE_O_CSTO = "{IEEE} Commun. Surveys Tuts."}
@STRING{IEEE_M_CE = "{IEEE} Ind. Electron. Mag."}
@STRING{IEEE_M_MW = "{IEEE} Microw. Mag."}

@inproceedings{ardakanian2016buildsys,
	author = "Omid {Ardakanian} and Arka {Bhattacharya} and David {Culler}",
	title = {Non-Intrusive Techniques for Establishing Occupancy Related Energy Savings in Commercial Buildings},
	booktitle = {Proc. BuildSys},
	year = {2016},
	pages_ = "21--30",
	month = nov # " 16--17,",
	address = {Palo Alto, CA, USA},
	pages_ = {21--30},
	publisher = {ACM}
} 

@electronic{BQ25570EVM-206_website,
	author = "{Texas Instruments}",
	year = "2018",
	title = "Ultra Low Power Management {IC}, Boost Charger Nanopowered Buck Converter Evaluation Module",
	url = "http://www.ti.com/tool/BQ25570EVM-206"
}

@inproceedings{bhatti2017harvos,
  title={HarvOS: Efficient code instrumentation for transiently-powered embedded sensing},
  author={Bhatti, Naveed Anwar and Mottola, Luca},
  booktitle={Information Processing in Sensor Networks (IPSN), 2017 16th ACM/IEEE International Conference on},
  pages={209--220},
  year={2017},
  organization={IEEE}
}

@inproceedings{buettner2011dewdrop,
	title = {Dewdrop: an Energy-aware Runtime for Computational RFID},
	author = {Michael Buettner and Ben Greenstein and David Wetherall},
	booktitle = {Proc. NSDI},
	pages = {197--210},
	address = "Boston, MA, USA",
	year = {2011},
	month = {Mar. 30~--~Apr. 1,},
	publisher = {USENIX}
}

@article{Bernal-Ruiz2005MicrocontrollerSystems,
    title = {{Microcontroller Implementation of a Voice Command Recognition System for Human-Machine Interface in Embedded Systems}},
    year = {2005},
    journal = {2005 IEEE Conference on Emerging Technologies and Factory Automation},
    author = {Bernal-Ruiz, C. and Garcia-Tapias, F.E. and Martin-del-Brio, B. and Bono-Nuez, A. and Medrano-Marques, N.J.},
    pages = {587--591},
    volume = {1},
    url = {http://ieeexplore.ieee.org/document/1612576/},
    isbn = {0-7803-9401-1},
    doi = {10.1109/ETFA.2005.1612576},
    issn = {1946-0740}
}

@inproceedings{colin2018termination,
  title={Termination checking and task decomposition for task-based intermittent programs},
  author={Colin, Alexei and Lucia, Brandon},
  booktitle={Proceedings of the 27th International Conference on Compiler Construction},
  pages={116--127},
  year={2018},
  organization={ACM}
}

@article{colin2016chain,
  title={Chain: tasks and channels for reliable intermittent programs},
  author={Colin, Alexei and Lucia, Brandon},
  journal={ACM SIGPLAN Notices},
  volume={51},
  number={10},
  pages={514--530},
  year={2016},
  publisher={ACM}
}
@inproceedings{colin2018reconfigurable,
  title={A reconfigurable energy storage architecture for energy-harvesting devices},
  author={Colin, Alexei and Ruppel, Emily and Lucia, Brandon},
  booktitle={ACM SIGPLAN Notices},
  volume={53},
  number={2},
  pages={767--781},
  year={2018},
  organization={ACM}
}

@inproceedings{ChenG.ISSCC2011,
	author  = "Gregory {Chen} and Hassan {Ghaed} and Razi M. {Haque} and Michael {Wieckowski} and Yejoong {Kim} and Gyouho {Kim} and David {Fick} and Daeyeon {Kim} and Mingoo {Seok} and Kensall {Wise} and David {Blaauw} and Dennis {Sylvester}",
   title = {A Cubic-Millimeter Energy-Autonomous Wireless Intraocular Pressure Monitor},
   booktitle = {Proc. ISSCC},
   address = "San Francisco, CA, USA",
   pages_ = {310--311},
   month = feb # " 20--24,",
   year = {2011},
   publisher = "IEEE"
}

@article{Cheng2011,
	archivePrefix = {arXiv},
	arxivId = {arXiv:gr-qc/9809069v1},
	author = {Cheng, Octavian and Abdulla, Waleed and Salcic, Zoran},
	doi = {10.1109/TIE.2009.2022520},
	eprint = {9809069v1},
	isbn = {9781424459506},
	issn = {02780046},
	journal = {IEEE Transactions on Industrial Electronics},
	keywords = {Automatic speech recognition (ASR),embedded system,hardwaresoftware codesign,real-time system,softcore-based system},
	number = {3},
	pages = {850--859},
	pmid = {15003161},
	primaryClass = {arXiv:gr-qc},
	publisher = {IEEE},
	title = {{Hardware-software codesign of automatic speech recognition system for embedded real-time applications}},
	volume = {58},
	year = {2011}
}

@article{daly2010pulsed,
  title={A pulsed UWB receiver SoC for insect motion control},
  author={Daly, Denis C and Mercier, Patrick P and Bhardwaj, Manish and Stone, Alice L and Aldworth, Zane N and Daniel, Thomas L and Voldman, Joel and Hildebrand, John G and Chandrakasan, Anantha P},
  journal={IEEE Journal of solid-state circuits},
  volume={45},
  number={1},
  pages={153--166},
  year={2010},
  publisher={IEEE}
}

@inproceedings{dino,
	title = "Nonvolatile memory is a broken time machine",
	author = "Benjamin {Ransford} and Brandon {Lucia}",
	booktitle = {Proc. MSPC},
	address = "Edinburgh, United Kingdom",
	month = jun  # " 13,",
	year = {2014},
	publisher = {ACM}
}

@article{delaney2005energy,
	title = {{Energy-aware distributed speech recognition for wireless mobile devices}},
	year = {2005},
	journal = {IEEE design {\&} test of computers},
	author = {Delaney, Brian and Jayant, N and Simunic, T},
	number = {1},
	pages = {39--49},
	volume = {22},
	publisher = {IEEE}
}

@inproceedings{delaney2002low,
	author = {Delaney, Brian and Jayant, Nikil and Hans, Mat and Simunic, Tajana and Acquaviva, Andrea},
	booktitle = {Acoustics, Speech, and Signal Processing (ICASSP), 2002 IEEE International Conference on},
	mendeley-groups = {Speech recognition},
	organization = {IEEE},
	pages = {I----793},
	title = {{A low-power, fixed-point, front-end feature extraction for a distributed speech recognition system}},
	volume = {1},
	year = {2002}
}

@inproceedings{debruin2013monjolo,
	author = "Samuel {DeBruin} and Bradford {Campbell} and Prabal {Dutta}",
	title = "Monjolo: An Energy-harvesting Energy Meter Architecture",
	booktitle = "Proc. SenSys",
	year = "2013",
	month = nov # " 11--15,",
	address = "Rome, Italy",
	pages_ = "18:1--18:14",
	publisher = "ACM"
}

@inproceedings{flickersensys2017,
 	author = "Josiah {Hester} and Jacob {Sorber}",
 	title = "Flicker: Rapid Prototyping for the Batteryless Internet-of-Things",
	booktitle = "Proc. SenSys",
	year = "2017",
	month = nov # " 6--8,",
	address = "Delft, The Netherlands",
 	pages_ = "19:1--19:13",
 	publisher = "ACM"
} 

@article{gorlatova2010energy,
  title={Energy harvesting active networked tags (EnHANTs) for ubiquitous object networking},
  author={Gorlatova, Maria and Kinget, Peter and Kymissis, Ioannis and Rubenstein, Dan and Wang, Xiaodong and Zussman, Gil},
  journal={IEEE Wireless Communications},
  volume={17},
  number={6},
  pages={18--25},
  year={2010},
  publisher={IEEE}
}

@article{gollakota2014emergence,
  title={The emergence of RF-powered computing},
  author={Gollakota, Shyamnath and Reynolds, Matthew S and Smith, Joshua R and Wetherall, David J},
  journal={Computer},
  volume={47},
  number={1},
  pages={32--39},
  year={2014},
  publisher={IEEE}
}

@inproceedings{gorlatova2014movers,
  title={Movers and shakers: Kinetic energy harvesting for the internet of things},
  author={Gorlatova, Maria and Sarik, John and Grebla, Guy and Cong, Mina and Kymissis, Ioannis and Zussman, Gil},
  booktitle={ACM SIGMETRICS Performance Evaluation Review},
  volume={42},
  number={1},
  pages={407--419},
  year={2014},
  organization={ACM}
}
@inproceedings{gorlatova_sigmetrics_2014,
	title = "Movers and Shakers: Kinetic Energy Harvesting for the Internet of Things",
	author = "Maria {Gorlatova} and John {Sarik} and Guy {Grebla} and Mina {Cong} and Ioannis {Kymissis} and Gil {Zussman}",
	year = "2014",
	month = jun # " 16--20,",
	address = " Austin, TX, USA",
	booktitle = "Proc. SIGMETRICS",
	publisher = "ACM"
}

@article{gaikwad2010review,
    title = {{A review on speech recognition technique}},
    year = {2010},
    journal = {International Journal of Computer Applications},
    author = {Gaikwad, Santosh K and Gawali, Bharti W and Yannawar, Pravin},
    number = {3},
    pages = {16--24},
    volume = {10},
    publisher = {International Journal of Computer Applications, 244 5 th Avenue,{\#} 1526, New York, NY 10001, USA India}
}
@inproceedings{hicks2017clank,
  title={Clank: Architectural support for intermittent computation},
  author={Hicks, Matthew},
  booktitle={Computer Architecture (ISCA), 2017 ACM/IEEE 44th Annual International Symposium on},
  pages={228--240},
  year={2017},
  organization={IEEE}
}

@article{balsamo2015hibernus,
	title = {Hibernus: Sustaining Computation During Intermittent Supply for Energy-harvesting Systems},
	author = "Domenico {Balsamo} and Alex S. {Weddell} and Geoff V. {Merrett} and Bashir M. {Al-Hashimi} and Davide {Brunelli} and Luca {Benini}",
	journal = IEEE_J_ES,
	volume = {7},
	number = {1},
	month = mar,
	pages = {15--18},
	year = {2015},
	publisher = {IEEE}
}

@article{Huggins-Daines2006PocketSphinx:Devices,
	title = {{PocketSphinx: A free, real-time continuous speech recognition system for hand-held devices}},
	year = {2006},
	journal = {IEEE International Conference on Acoustics, Speech and Signal Processing (ICASSP)},
	author = {Huggins-Daines, D. and Kumar, M. and Chan, A. and Black, A. W. and Ravishankar, M. and Rudnicky, A. I.},
	pages = {185--188} 
}

@inproceedings{hester2017timely,
  title={Timely Execution on Intermittently Powered Batteryless Sensors},
  author={Hester, Josiah and Storer, Kevin and Sorber, Jacob},
  booktitle={Proceedings of the 15th ACM Conference on Embedded Network Sensor Systems},
  pages={17},
  year={2017},
  organization={ACM}
}

@article{hinton2012deep,
  title={Deep neural networks for acoustic modeling in speech recognition: The shared views of four research groups},
  author={Hinton, Geoffrey and Deng, Li and Yu, Dong and Dahl, George E and Mohamed, Abdel-rahman and Jaitly, Navdeep and Senior, Andrew and Vanhoucke, Vincent and Nguyen, Patrick and Sainath, Tara N and others},
  journal={IEEE Signal processing magazine},
  volume={29},
  number={6},
  pages={82--97},
  year={2012},
  publisher={IEEE}
}

@article{jackson2019capacity,
  title={Capacity over Capacitance for Reliable Energy Harvesting Sensors},
  author={Jackson, Neal and Adkins, Joshua and Dutta, Prabal},
  year={2019}
}

@book{jelinek1997statistical,
  title={Statistical methods for speech recognition},
  author={Jelinek, Frederick},
  year={1997},
  publisher={MIT press}
}

@article{lucia2015simpler,
  title={A simpler, safer programming and execution model for intermittent systems},
  author={Lucia, Brandon and Ransford, Benjamin},
  journal={ACM SIGPLAN Notices},
  volume={50},
  number={6},
  pages={575--585},
  year={2015},
  publisher={ACM}
}

@inproceedings{lucia2017intermittent,
  title={Intermittent Computing: Challenges and Opportunities},
  author={Lucia, Brandon and Balaji, Vignesh and Colin, Alexei and Maeng, Kiwan and Ruppel, Emily},
  booktitle={LIPIcs-Leibniz International Proceedings in Informatics},
  volume={71},
  year={2017},
  organization={Schloss Dagstuhl-Leibniz-Zentrum fuer Informatik}
}

@inproceedings{liu2013ambient,
  title={Ambient backscatter: wireless communication out of thin air},
  author={Liu, Vincent and Parks, Aaron and Talla, Vamsi and Gollakota, Shyamnath and Wetherall, David and Smith, Joshua R},
  booktitle={ACM SIGCOMM Computer Communication Review},
  volume={43},
  number={4},
  pages={39--50},
  year={2013},
  organization={ACM}
}

@misc{monsoon,
	author = "{Monsoon Solutions Inc.}",
	year = "2018",
	title = "High Voltage Power Monitor",
	url = "https://www.msoon.com/hvpm-product-documentation"
}

@techreport{moo,
	title = {Moo: A Batteryless Computational {RFID} and Sensing Platform},
	author = {Hong {Zhang} and Jeremy {Gummeson} and Benjamin {Ransford} and Kevin {Fu}},
	institution = {UMass Amherst},
	number = "UM-CS-2011-020",
	howpublished = "\url{https://web.cs.umass.edu/publication/docs/2011/UM-CS-2011-020.pdf}",
	year = {2011}
}

@article{maeng2017alpaca,
  title={Alpaca: intermittent execution without checkpoints},
  author={Maeng, Kiwan and Colin, Alexei and Lucia, Brandon},
  journal={Proceedings of the ACM on Programming Languages},
  volume={1},
  number={OOPSLA},
  pages={96},
  year={2017},
  publisher={ACM}
}

@inproceedings{mementos,
	title = "Mementos: System support for long-running computation on {RFID}-scale devices",
	author = "Benjamin {Ransford} and Jacob {Sorber} and Kevin {Fu}",
	booktitle = "Proc. ASPLOS",
	address = "Newport Beach, CA, USA",
	month = mar # " 5--11,",
	pages = {159--170},
	year = {2012},
	publisher = {ACM}
}

@article{margolies2016panda,
  title={Panda: Neighbor discovery on a power harvesting budget},
  author={Margolies, Robert and Grebla, Guy and Chen, Tingjun and Rubenstein, Dan and Zussman, Gil},
  journal={IEEE Journal on Selected Areas in Communications},
  volume={34},
  number={12},
  pages={3606--3619},
  year={2016},
  publisher={IEEE}
}

@inproceedings{margolies_infocom_2016,
	author = "Robert {Margolies} and Guy {Grebla} and Tingjun {Chen} and Dan {Rubenstein} and Gil {Zussman}",
	title = "Panda: Neighbor Discovery on a Power Harvesting Budget",
	year = "2016",
	address = "San Francisco, CA, USA",
	booktitle = "Proc. INFOCOM",
	month = apr # " 10--15,",
	publisher = "IEEE"
}

@article{margolies_tosn_2016,
	title = "Energy-Harvesting Active Networked Tags ({EnHANTs}): Prototyping
	and Experimentation",
	author = "Robert {Margolies} and Maria {Gorlatova} and John {Sarik} and Gerald {Stanje} and Jianxun {Zhu} adn Paul {Miller} and Marcin {Szczodrak} and Baradwaj {Vigraham} and Luca {Carloni} and Peter {Kinget} and Ioannis {Kymissis} and Gil {Zussman}",
	year = "2015",
	month = nov,
	volume = "11",
	number = "4",
	journal = ACM_TOSN,	
	pages = "62:1--62:27",
	publisher = "ACM"
}

@incollection{mcloughlin2008speech,
	title = {{Speech recognition for smart homes}},
	year = {2008},
	booktitle = {Speech Recognition},
	author = {McLoughlin, Ian and Sharifzadeh, Hamid Reza},
	publisher = {InTech}
}

@electronic{microphone,
	author = "{pui audio, vesper}",
	title = "PMM-3738-VM1010-R: A ZeroPower Listening piezoelectric MEMS microphone",
	year = "2019",
	month_ = jun,
	url = "http://www.puiaudio.com/pdf/PMM-3738-VM1010-R.pdf"
}

@incollection{mcloughlin2008speech,
	title = {{Speech recognition for smart homes}},
	year = {2008},
	booktitle = {Speech Recognition},
	author = {McLoughlin, Ian and Sharifzadeh, Hamid Reza},
	publisher = {InTech}
}
@inproceedings{li2015retro,
  title={Retro-VLC: enabling battery-free duplex visible light communication for mobile and IoT applications},
  author={Li, Jiangtao and Liu, Angli and Shen, Guobin and Li, Liqun and Sun, Chao and Zhao, Feng},
  booktitle={Proceedings of the 16th International Workshop on Mobile Computing Systems and Applications},
  pages={21--26},
  year={2015},
  organization={ACM}
}

@article{Mathew2003,
	author = {Mathew, Binu and Davis, Al and Fang, Zhen},
	doi_ = {10.1145/951710.951739},
	isbn_ = {1581136765},
	journal = {Proceedings of the International Conference on Compilers, Architectures and Synthesis for Embedded Systems},
	keywords_ = {asic,embedded systems,low power design,special purpose hardware,speech recognition},
	pages = {210},
	title = {{A Low-Power Accelerator for the Sphinx 3 Speech Recognition System}},
	url_ = {http://portal.acm.org/citation.cfm?doid=951710.951739},
	year = {2003}
}

@inproceedings{naderiparizi_rfid_2015, 
	title = {{WISPCam}: A Battery-Free {RFID} Camera},
	author = {Saman {Naderiparizi} and Aaron N. {Parks} and Zerina {Kapetanovic} and Benjamin {Ransford} and Joshua R. {Smith}},
	booktitle = "Proc. RFID",
	month = sep # " 15--17,",
	pages = "166--173",
	year = "2015",
	address = {San Diego, CA, USA},
	publisher = "IEEE"
}

@article{price2018low,
  title={A Low-Power Speech Recognizer and Voice Activity Detector Using Deep Neural Networks},
  author={Price, Michael and Glass, James and Chandrakasan, Anantha P},
  journal={IEEE Journal of Solid-State Circuits},
  volume={53},
  number={1},
  pages={66--75},
  year={2018},
  publisher={IEEE}
}

@article{price20156,
  title={A 6 mW, 5, 000-Word Real-Time Speech Recognizer Using WFST Models.},
  author={Price, Michael and Glass, James R and Chandrakasan, Anantha P},
  journal={J. Solid-State Circuits},
  volume={50},
  number={1},
  pages={102--112},
  year={2015}
}

@incollection{polastre2004analysis,
	title = "Analysis of Wireless Sensor Networks for Habitat Monitoring",
	author = "Joseph {Polastre} and Robert {Szewczyk} and Alan {Mainwaring} and David {Culler} and John {Anderson}",
	editor = "C. S. {Raghavendra} and Krishna M. {Sivalingam} and Taieb {Znati}",
	booktitle = "Wireless Sensor Networks",
	pages_ = "399--423",
	year = "2004",
	address = "Boston, MA, USA",
	publisher = "Springer"
}

@article{rf_powered_computing_gollakota_2014,
	author = "Shyamnath {Gollakota} and Matthew {Reynolds} and Joshua {Smith} and David {Wetherall}",
	title = "The Emergence of {RF}-Powered Computing",
	journal = "Computer",
	volume = "47",
	number = "1",
	month = jan,
	year = "2014",
	pages = "32--39",
	publisher = {IEEE}
} 

@article{rao2017ambient,
  title={Ambient-Energy Powered Multi-Hop Internet of Things},
  author={Rao, VS},
  year={2017}
}

@inproceedings{smith_ubicomp_2006,
	 title = "A Wirelessly-Powered Platform for Sensing and Computation",
	 author = "Joshua R. {Smith} and Alanson P. {Sample} and Pauline S. {Powledge} and Sumit {Roy} and Alexander {Mamishev}",
	 booktitle = {Proc. UbiComp},
	 pages_ ={495--506},
	 year = {2006},
	 address = "Orange County, CA, USA",
	 month = sep # " 17--21,",
	 publisher = "ACM"
}

@inproceedings{stoianov2007pipenet,
	title = "{PIPENET}: A Sireless Sensor Network for Pipeline Monitoring",
	author = "Ivan {Stoianov} and Lama {Nachman} and Sam {Madden} and Timur {Tokmouline}",
	booktitle = "Proc. IPSN",
	pages_ = "264--273",
	year = "2007",
	month = apr # " 25--27,",
	address = "Cambridge, MA, USA",
	publisher = "ACM/IEEE"
}

@inproceedings{samoyed_pldi_2019,
	author = "Kiwan {Maeng} and Brandon {Lucia}",
	booktitle = "Proc. PLDI",
	title = "Supporting Peripherals in Intermittent Systems with Just-In-Time Checkpoints",
	year = "2019",
	address = "Phoenix, AZ, USA",
	year = "2019",
	month = jun # " 22--26,",
	publisher = "ACM"
}

@electronic{saleae,
	author = "Saleae",
	title = {Logic 16 Analyzer},
	howpublished = "\url{http://www.saleae.com}",
	year = "2017",
	note = "Last accessed: Jul. 28, 2017",
}

@electronic{SLMD121H04L_website,
	year = "2018",
	author = "{IXYS Corporation}",
	title = "{IXOLAR}\texttrademark~High Efficiency {SLMD121H04L} Solar Module",
	url = "http://ixapps.ixys.com/DataSheet/SLMD121H04L_Nov16.pdf"
}

@electronic{ti_msp430_website,
	author = "{Texas Instruments}",
	title = "{MSP430FR5994} 16\,{MHz} Ultra-Low-Power Microcontroller Product Page",
	year = "2019",
	month_ = jun,
	url = "http://www.ti.com/product/MSP430FR5994"
}


@article{talla2017battery,
  title={Battery-free cellphone},
  author={Talla, Vamsi and Kellogg, Bryce and Gollakota, Shyamnath and Smith, Joshua R},
  journal={Proceedings of the ACM on Interactive, Mobile, Wearable and Ubiquitous Technologies},
  volume={1},
  number={2},
  pages={25},
  year={2017},
  publisher={ACM}
}

@inproceedings{van2016intermittent,
  title={Intermittent Computation without Hardware Support or Programmer Intervention.},
  author={Van Der Woude, Joel and Hicks, Matthew},
  booktitle={OSDI},
  pages={17--32},
  year={2016}
}

@inproceedings{woude2016ratchet,
	author = "Joel {Van Der Woude} and Matthew {Hicks}",
	title = {Intermittent Computation Without Hardware Support or Programmer Intervention},
	booktitle = {Proc. OSDI},
	year = {2016},
	month_ = nov # " 2--4,",
	address_ = {Savannah, GA, USA},
	pages = {17--32},
	publisher = "ACM"
} 

@inproceedings{yildirim2018ink,
  title={Ink: Reactive kernel for tiny batteryless sensors},
  author={Y{\i}ld{\i}r{\i}m, Kas{\i}m Sinan and Majid, Amjad Yousef and Patoukas, Dimitris and Schaper, Koen and Pawelczak, Przemyslaw and Hester, Josiah},
  booktitle={Proceedings of the 16th ACM Conference on Embedded Networked Sensor Systems},
  pages={41--53},
  year={2018},
  organization={ACM}
}

@article{yeager2009neuralwisp,
  title={Neuralwisp: A wirelessly powered neural interface with 1-m range},
  author={Yeager, Daniel J and Holleman, Jeremy and Prasad, Richa and Smith, Joshua R and Otis, Brian P},
  journal={IEEE Transactions on Biomedical Circuits and Systems},
  volume={3},
  number={6},
  pages={379--387},
  year={2009},
  publisher={IEEE}
}

@inproceedings{zhao2015nfc,
  title={NFC-WISP: A sensing and computationally enhanced near-field RFID platform},
  author={Zhao, Yi and Smith, Joshua R and Sample, Alanson},
  booktitle={RFID (RFID), 2015 IEEE International Conference on},
  pages={174--181},
  year={2015},
  organization={IEEE}
}

@inproceedings{zhang2013quarkos,
  title={Quarkos: Pushing the operating limits of micro-powered sensors},
  author={Zhang, Pengyu and Ganesan, Deepak and Lu, Boyan},
  booktitle={Proceedings of the 14th USENIX conference on Hot Topics in Operating Systems},
  pages={7--7},
  year={2013},
  organization={USENIX Association}
}
